<?xml version="1.0" encoding="UTF-8"?><collection xmlns="http://www.loc.gov/MARC21/slim"><record><leader>00692nam--2200193-i-4500</leader><controlfield tag="001">000034154</controlfield><controlfield tag="002">20161230</controlfield><controlfield tag="005">20161230201039</controlfield><controlfield tag="008">060222s1000------------r-----000-0-rum-d</controlfield><datafield ind1=" " ind2=" " tag="040"><subfield code="a">IFIN-HH</subfield></datafield><datafield ind1=" " ind2=" " tag="041"><subfield code="a">rum</subfield></datafield><datafield ind1=" " ind2=" " tag="080"><subfield code="a">015:539.1.073.5:546.293</subfield></datafield><datafield ind1="1" ind2=" " tag="100"><subfield code="a">Iorgulescu, Adriana</subfield></datafield><datafield ind1="1" ind2="0" tag="245"><subfield code="a">O noua aplicatie a scinlatorilor lichizi, studiul spectrometric al unui emitator gazos de captura. argonul-37 cu ajutorul a diferite tipuri de solutii scintilatoare</subfield><subfield code="b">Autoreferatul tezei</subfield><subfield code="c">Adriana iorgulescu</subfield></datafield><datafield ind1=" " ind2=" " tag="260"><subfield code="a">Bucuresti</subfield><subfield code="b">Ifa</subfield><subfield code="c">/F.A.</subfield></datafield><datafield ind1=" " ind2=" " tag="300"><subfield code="a">30P</subfield></datafield><datafield ind1=" " ind2=" " tag="500"><subfield code="a">Conducator Stiintific: Prof.Dr. Marius Petrascu</subfield></datafield><datafield ind1=" " ind2=" " tag="852"><subfield code="a">37355</subfield><subfield code="c">539.1.07:539.1.08</subfield></datafield><datafield ind1=" " ind2=" " tag="CAT"><subfield code="a">Sys</subfield><subfield code="c">20111025</subfield><subfield code="h">135126</subfield></datafield></record></collection>